<record><leader>00000cas a2200000   4500</leader><controlfield tag="001">3493846</controlfield><controlfield tag="008">771215d18721uuumiuwr n       0   a0eng c</controlfield><datafield ind1=" " ind2=" " tag="010"><subfield code="a">sn 97063258 </subfield></datafield><datafield ind1=" " ind2=" " tag="040"><subfield code="a">EEX</subfield><subfield code="b">eng</subfield><subfield code="c">EEX</subfield><subfield code="d">MHN</subfield><subfield code="d">OCL</subfield><subfield code="d">OCLCQ</subfield><subfield code="d">OCLCF</subfield><subfield code="d">OCLCO</subfield></datafield><datafield ind1="1" ind2=" " tag="029"><subfield code="a">AU@</subfield><subfield code="b">000025923053</subfield></datafield><datafield ind1=" " ind2=" " tag="042"><subfield code="a">pcc</subfield></datafield><datafield ind1=" " ind2=" " tag="043"><subfield code="a">n-us-mi</subfield></datafield><datafield ind1="0" ind2=" " tag="130"><subfield code="a">Rough notes (Reading, Mich.)</subfield></datafield><datafield ind1="1" ind2="0" tag="245"><subfield code="a">Rough notes.</subfield></datafield><datafield ind1=" " ind2=" " tag="260"><subfield code="a">Reading, Mich. :</subfield><subfield code="b">Geo. Gray,</subfield></datafield><datafield ind1=" " ind2=" " tag="300"><subfield code="c">40 cm.</subfield></datafield><datafield ind1=" " ind2=" " tag="310"><subfield code="a">Weekly</subfield></datafield><datafield ind1="1" ind2=" " tag="362"><subfield code="a">Began Oct. 19, 1872.</subfield></datafield><datafield ind1=" " ind2=" " tag="500"><subfield code="a">"Devoted to news, morality and the interests of the people."</subfield></datafield><datafield ind1=" " ind2=" " tag="500"><subfield code="a">"George Gray, publisher, editor and proprietor."</subfield></datafield><datafield ind1=" " ind2=" " tag="588"><subfield code="a">Description based on: Vol. 1, no. 2 (Oct. 26, 1872).</subfield></datafield><datafield ind1=" " ind2="0" tag="651"><subfield code="a">Reading (Mich.)</subfield><subfield code="v">Newspapers.</subfield></datafield><datafield ind1=" " ind2="0" tag="651"><subfield code="a">Hillsdale County (Mich.)</subfield><subfield code="v">Newspapers.</subfield></datafield><datafield ind1=" " ind2="7" tag="655"><subfield code="a">Newspapers.</subfield><subfield code="2">fast</subfield><subfield code="0">(OCoLC)fst01423814</subfield></datafield><datafield ind1=" " ind2="7" tag="651"><subfield code="a">Michigan</subfield><subfield code="z">Hillsdale County.</subfield><subfield code="2">fast</subfield><subfield code="0">(OCoLC)fst01208681</subfield></datafield><datafield ind1=" " ind2="7" tag="651"><subfield code="a">Michigan</subfield><subfield code="z">Reading.</subfield><subfield code="2">fast</subfield><subfield code="0">(OCoLC)fst01237429</subfield></datafield><datafield ind1=" " ind2=" " tag="752"><subfield code="a">United States</subfield><subfield code="b">Michigan</subfield><subfield code="c">Hillsdale</subfield><subfield code="d">Reading.</subfield></datafield></record>